@book{evaluation,
  title={Evaluating Derivatives: Principles and Techniques of Algorithmic Differentiation},
  author={Griewank, A. and Walther, A.},
  isbn={9780898717761},
  series={SIAM e-books},
  url={http://books.google.de/books?id=xoiiLaRxcbEC},
  year={2008},
  publisher={Society for Industrial and Applied Mathematics (SIAM, 3600 Market Street, Floor 6, Philadelphia, PA 19104)}
}

@article{monster,
  title={On Stable Piecewise Linearization and Generalized Algorithmic Differentiation},
  author={Griewank, Andreas},
  journal={Optimization Methods and Software},
  number={just-accepted},
  pages={1--42},
  year={2013},
  publisher={Taylor \& Francis}
}
@book{scholtes2012introduction,
  title={Introduction to Piecewise Differentiable Equations},
  author={Scholtes, S.},
  isbn={9781461443407},
  series={SpringerBriefs in optimization},
  url={http://books.google.de/books?id=EpAfMFZ3vtUC},
  year={2012},
  publisher={Springer}
}

@article{brugnano2008iterative,
  title={Iterative solution of piecewise linear systems},
  author={Brugnano, Luigi and Casulli, Vincenzo},
  journal={SIAM Journal on Scientific Computing},
  volume={30},
  number={1},
  pages={463--472},
  year={2008},
  publisher={SIAM}
}

@incollection{arnold2010towards,
  title={Towards Improved Error Estimates for Higher Order Time Integration of ODEs with Non-Smooth Right Hand Side},
  author={Arnold, Martin},
  booktitle={Non-smooth Problems in Vehicle Systems Dynamics},
  pages={227--237},
  year={2010},
  publisher={Springer}
}

@book{hairerODE1,
  title={Solving ordinary differential equations},
  author={Hairer, Ernst and Noersett, SP and Wanner, Gerhard},
  year={2006},
  publisher={Springer-Vlg}
}
@book{plan,
  title={Solving piecewise linear equations in abs-normal form},
  author={Griewank, Andreas and Bernt, Jens-Uwe and Radons, Manuel and Streubel, Tom},
  year={2013},
  howpublished={Preprint submitted to Linear Algebra and its Applications}
}
@MISC{Zou_variationaldata,
    author = {Xiaolei Zou and I. M. Navon},
    title = { Variational Data Assimilation: Theory and Applications },
    year = {}
}
%% hal-00283896, version 1
%% http://hal.archives-ouvertes.fr/hal-00283896
@article{korotaev:hal-00283896,
    hal_id = {hal-00283896},
    url = {http://hal.archives-ouvertes.fr/hal-00283896},
    title = {{Retrieving ocean surface current by 4-D variational assimilation of sea surface temperature images}},
    author = {Korotaev, Gennady K. and Huot, Etienne and Le Dimet, Fran{\c c}ois-Xavier and Herlin, Isabelle and Stanichny, S.V. and Solovyev, D.M. and WU, Lin},
    abstract = {{In this article we propose a new method to estimate ocean mesoscale structures of the surface current velocity by processing sea surface satellite images. Assuming that the intensity level can be described by a transport-diffusion equation, the proposed approach is based on variational assimilation of image observations within a simple transport-diffusion model. This approach permits to retrieve the current velocity field from a sequence of satellite images. Results of processing synthetic data and real NOAA-AVHRR satellite images are presented and commented.}},
    keywords = {Image processing; Data assimilation; 4D-VAR; Oceanography; Velocity estimation},
    language = {English},
    affiliation = {Marine Hydrophysical Institute - MHI , Centre d'{\'e}tude des environnements terrestre et plan{\'e}taires - CETP , MOISE - INRIA Grenoble Rh{\^o}ne-Alpes / LJK Laboratoire Jean Kuntzmann , CLIME - INRIA Rocquencourt},
    pages = {1464-1475},
    journal = {Remote Sensing of Environment},
    volume = {112},
    number = {4 },
    note = {Remote Sensing Data Assimilation Special Issue },
    audience = {international },
    doi = {10.1016/j.rse.2007.04.020 },
    year = {2008},
    month = {Apr}
}

@article{grammeltvedt,
  url={http://dx.doi.org/10.1175/1520-0493(1969)097<0384:ASOFSF>2.3.CO;2},
  title={A SURVEY OF FINITE-DIFFERENCE SCHEMES FOR THE PRIMITIVE EQUATIONS FOR A BAROTROPIC FLUID},
  author={Arne Grammeltvedt},
  year={1969},
  publisher={American Meteorological Society},
  journal={Monthly Weather Review},
  volume={97},
  number={5}
}