@book{griewank2008evaluating,
  title={Evaluating Derivatives: Principles and Techniques of Algorithmic Differentiation},
  author={Griewank, Andreas and Walther, Andrea},
  isbn={9780898717761},
  series={SIAM e-books},
  url={http://books.google.de/books?id=xoiiLaRxcbEC},
  year={2008},
  publisher={Society for Industrial and Applied Mathematics (SIAM, 3600 Market Street, Floor 6, Philadelphia, PA 19104)}
}

@article{monster,
  title={On Stable Piecewise Linearization and Generalized Algorithmic Differentiation},
  author={Griewank, Andreas},
  journal={Optimization Methods and Software},
  number={just-accepted},
  pages={1--42},
  year={2013},
  publisher={Taylor \& Francis}
}
@book{scholtes2012introduction,
  title={Introduction to Piecewise Differentiable Equations},
  author={Scholtes, S.},
  isbn={9781461443407},
  series={SpringerBriefs in optimization},
  url={http://books.google.de/books?id=EpAfMFZ3vtUC},
  year={2012},
  publisher={Springer}
}

@article{brugnano2008iterative,
  title={Iterative solution of piecewise linear systems},
  author={Brugnano, Luigi and Casulli, Vincenzo},
  journal={SIAM Journal on Scientific Computing},
  volume={30},
  number={1},
  pages={463--472},
  year={2008},
  publisher={SIAM}
}

@incollection{arnold2010towards,
  title={Towards Improved Error Estimates for Higher Order Time Integration of ODEs with Non-Smooth Right Hand Side},
  author={Arnold, Martin},
  booktitle={Non-smooth Problems in Vehicle Systems Dynamics},
  pages={227--237},
  year={2010},
  publisher={Springer}
}

@book{hairerODE1,
  title={Solving ordinary differential equations},
  author={Hairer, Ernst and Noersett, SP and Wanner, Gerhard},
  year={2006},
  publisher={Springer-Vlg}
}
@book{plan,
  title={Solving piecewise linear equations in abs-normal form},
  author={Griewank, Andreas and Bernt, Jens-Uwe and Radons, Manuel and Streubel, Tom},
  year={2013},
  howpublished={Preprint submitted to Linear Algebra and its Applications}
}
@MISC{zou,
    author = {Xiaolei Zou and I. M. Navon},
    title = { Variational Data Assimilation: Theory and Applications },
    year = {},
    doi  = {10.1.1.159.2667}
}
%% hal-00283896, version 1
%% http://hal.archives-ouvertes.fr/hal-00283896
@article{korotaev,
    hal_id = {hal-00283896},
    url = {http://hal.archives-ouvertes.fr/hal-00283896},
    title = {{Retrieving ocean surface current by 4-D variational assimilation of sea surface temperature images}},
    author = {Korotaev, Gennady K. and Huot, Etienne and Le Dimet, Fran{\c c}ois-Xavier and Herlin, Isabelle and Stanichny, S.V. and Solovyev, D.M. and WU, Lin},
    abstract = {{In this article we propose a new method to estimate ocean mesoscale structures of the surface current velocity by processing sea surface satellite images. Assuming that the intensity level can be described by a transport-diffusion equation, the proposed approach is based on variational assimilation of image observations within a simple transport-diffusion model. This approach permits to retrieve the current velocity field from a sequence of satellite images. Results of processing synthetic data and real NOAA-AVHRR satellite images are presented and commented.}},
    keywords = {Image processing; Data assimilation; 4D-VAR; Oceanography; Velocity estimation},
    language = {English},
    affiliation = {Marine Hydrophysical Institute - MHI , Centre d'{\'e}tude des environnements terrestre et plan{\'e}taires - CETP , MOISE - INRIA Grenoble Rh{\^o}ne-Alpes / LJK Laboratoire Jean Kuntzmann , CLIME - INRIA Rocquencourt},
    pages = {1464-1475},
    journal = {Remote Sensing of Environment},
    volume = {112},
    number = {4 },
    note = {Remote Sensing Data Assimilation Special Issue },
    audience = {international },
    doi = {10.1016/j.rse.2007.04.020 },
    year = {2008},
    month = {Apr}
}

@article{grammeltvedt,
  url={http://dx.doi.org/10.1175/1520-0493(1969)097<0384:ASOFSF>2.3.CO;2},
  title={A Survey of finite-difference schemes for the primitive equations for a barotropic fluid},
  author={Arne Grammeltvedt},
  year={1969},
  month={May},
  publisher={American Meteorological Society},
  journal={Monthly Weather Review},
  volume={97},
  number={5}
}
@article {navon,
author = {Steward, J. L. and Navon, I. M. and Zupanski, M. and Karmitsa, N.},
title = {Impact of non-smooth observation operators on variational and sequential data assimilation for a limited-area shallow-water equation model},
journal = {Quarterly Journal of the Royal Meteorological Society},
volume = {138},
number = {663},
publisher = {John Wiley & Sons, Ltd.},
issn = {1477-870X},
url = {http://dx.doi.org/10.1002/qj.935},
doi = {10.1002/qj.935},
pages = {323--339},
keywords = {4D-Var, MLEF, L-BFGS, LMBM, non-smooth optimization},
year = {2012},
}
@article{dimet1986variational,
  title={Variational algorithms for analysis and assimilation of meteorological observations: theoretical aspects},
  author={DIMET, FRAN{\c{C}}OIS-XAVIER LE and Talagrand, Olivier},
  journal={Tellus A},
  volume={38},
  number={2},
  pages={97--110},
  year={1986},
  publisher={Wiley Online Library}
}
@article{cacuci1981sensitivity,
  title={Sensitivity theory for nonlinear systems. I. Nonlinear functional analysis approach},
  author={Cacuci, Dan G},
  journal={Journal of Mathematical Physics},
  volume={22},
  number={12},
  pages={2794--2802},
  year={1981},
  publisher={AIP Publishing}
}
@article{talagrand1987variational,
  title={Variational assimilation of meteorological observations with the adjoint vorticity equation. I: Theory},
  author={Talagrand, Olivier and Courtier, Philippe},
  journal={Quarterly Journal of the Royal Meteorological Society},
  volume={113},
  number={478},
  pages={1311--1328},
  year={1987},
  publisher={Wiley Online Library}
}
@book{alt2002nichtlineare,
  title={Nichtlineare Optimierung: Eine Einf{\"u}hrung in Theorie, Verfahren und Anwendungen},
  author={Alt, Walter},
  year={2002},
  publisher={Springer}
}
@book{werner2007funktionalanalysis,
  title={Funktionalanalysis},
  author={Werner, Dirk},
  volume={2},
  year={2007},
  publisher={Springer}
}
@book{debnath2005hilbert,
  title={Hilbert spaces with applications},
  author={Debnath, Lokenath and Mikusi{\'n}ski, Piotr},
  year={2005},
  publisher={Academic press}
}
@incollection{arnold2001grundbegriffe,
  title={Grundbegriffe},
  author={Arnold, Vladimir I},
  booktitle={Gew{\"o}hnliche Differentialgleichungen},
  volume={2},
  year={2001},
  publisher={Springer}
}
@book{teschl2012ordinary,
  title={Ordinary differential equations and dynamical systems},
  author={Teschl, Gerald},
  volume={140},
  year={2012},
  publisher={American Mathematical Soc.}
}
@article{filippov1971existence,
  title={The existence of solutions of generalized differential equations},
  author={Filippov, Aleksei Fedorovich},
  journal={Mathematical Notes of the Academy of Sciences of the USSR},
  volume={10},
  number={3},
  pages={608--611},
  year={1971},
  publisher={Springer}
}
@book{zadeh1976linear,
  title={Linear system theory},
  author={Zadeh, Lotfi Asker and Deoser, Charles A},
  year={1976},
  publisher={Robert E. Krieger Publishing Company}
}
@book{hermann2004numerik,
  title={Numerik gew{\"o}hnlicher Differentialgleichungen: Anfangs-und Randwertprobleme},
  author={Hermann, Martin},
  year={2004},
  publisher={Oldenbourg Verlag}
}
@book{federer1969geometric,
  title={Geometric measure theory},
  author={Federer, Herbert and Federer, Herbert},
  volume={1996},
  year={1969},
  publisher={Springer New York}
}
@article{griewank2013nonsmothscript,
url={http://www.math.hu-berlin.de/~bosse/Downloads/NonsmoothSkript.pdf},
title={Script of the lecture
Non-smooth Optimization and Automatic Differentiation},
author={Andreas Griewank, Torsten Bosse},
year={2013}
}
@book{geiger2002theorie,
  title={Theorie und Numerik restringierter Optimierungsaufgaben},
  author={Geiger, Carl and Kanzow, Christian},
  volume={135},
  year={2002},
  publisher={Springer Berlin}
}
@article{clarke1975generalized,
  title={Generalized gradients and applications},
  author={Clarke, Frank H},
  journal={Transactions of the American Mathematical Society},
  volume={205},
  pages={247--262},
  year={1975}
}
@book{clarke1990optimization,
  title={Optimization and nonsmooth analysis},
  author={Clarke, Frank H},
  volume={5},
  year={1990},
  publisher={Siam}
}
@thesis{hasenfelder13,
  title={Numerische Validierung verallgemeinerter Mittelpunkts -und Trapezregeln zur Integration von Lipschitz-stetigen DGL’s},
  author={Hasenfelder, Richard},
  year={2013},
  school={Humboldt Universität zu Berlin} 
},
@thesis{boeck14,
  title={Implementation and Application of the Generalized Midpoint Rule for Lipschitzean ODEs},
  author={Boeck, Paul},
  year={2014},
  school={Humboldt Universität zu Berlin} 
}
@article{qi1993nonsmooth,
  title={A nonsmooth version of Newton's method},
  author={Qi, Liqun and Sun, Jie},
  journal={Mathematical programming},
  volume={58},
  number={1-3},
  pages={353--367},
  year={1993},
  publisher={Springer}
}
@book{stoer1989numerische,
  title={Numerische Mathematik},
  author={Stoer, Josef and Bulirsch, Roland},
  volume={8},
  year={1989},
  publisher={Springer}
}
@article{walther2012getting,
  title={Getting started with ADOL-C},
  author={Walther, Andrea and Griewank, Andreas},
  journal={Combinatorial Scientific Computing},
  pages={181--202},
  year={2012},
  publisher={CRC Press}
}
@article{walther1996adol,
  title={ADOL-C: a package for the automatic differentiation of algorithms written in C/C++},
  author={Walther, Andrea and Kowarz, Andreas and Griewank, Andreas},
  journal={ACM TOMS},
  volume={22},
  number={2},
  pages={131--167},
  year={1996}
}
@article{boeck2014experiments,
  title={Experiments with Generalized Midpoint and Trapezoidal Rules on two Nonsmooth ODE’s},
  author={Boeck, P and Gompil, B and Griewank, A and Hasenfelder, R and Strogies, N},
  year={2014}
}
@article{kurganov2007second,
  title={A second-order well-balanced positivity preserving central-upwind scheme for the Saint-Venant system},
  author={Kurganov, Alexander and Petrova, Guergana and others},
  journal={Communications in Mathematical Sciences},
  volume={5},
  number={1},
  pages={133--160},
  year={2007},
  publisher={International Press of Boston}
}
@article{saint1871theorie,
  title={‘Theorie du mouvement non permanent des eaux, avec application aux crues des rivieres et a l’introduction de marees dans leurs lits.’’},
  author={Saint-Venant, AJC de},
  journal={Comptes rendus des seances de l’Academie des Sciences},
  volume={36},
  pages={174--154},
  year={1871}
}
@book{leveque2002finite,
  title={Finite volume methods for hyperbolic problems},
  author={LeVeque, Randall J},
  volume={31},
  year={2002},
  publisher={Cambridge university press}
}
@article{evans1998partial,
  title={Partial differential equations. Graduate studies in mathematics, vol. 2},
  author={Evans, Lawrence C},
  journal={American Mathematical Society},
  volume={1},
  number={3},
  pages={37},
  year={1998}
}
@article{kurganov2001semidiscrete,
  title={Semidiscrete central-upwind schemes for hyperbolic conservation laws and Hamilton--Jacobi equations},
  author={Kurganov, Alexander and Noelle, Sebastian and Petrova, Guergana},
  journal={SIAM Journal on Scientific Computing},
  volume={23},
  number={3},
  pages={707--740},
  year={2001},
  publisher={SIAM}
}