@book{evaluation,
  title={Evaluating Derivatives: Principles and Techniques of Algorithmic Differentiation},
  author={Griewank, A. and Walther, A.},
  isbn={9780898717761},
  series={SIAM e-books},
  url={http://books.google.de/books?id=xoiiLaRxcbEC},
  year={2008},
  publisher={Society for Industrial and Applied Mathematics (SIAM, 3600 Market Street, Floor 6, Philadelphia, PA 19104)}
}

@article{monster,
  title={On Stable Piecewise Linearization and Generalized Algorithmic Differentiation},
  author={Griewank, Andreas},
  journal={Optimization Methods and Software},
  number={just-accepted},
  pages={1--42},
  year={2013},
  publisher={Taylor \& Francis}
}
@book{scholtes2012introduction,
  title={Introduction to Piecewise Differentiable Equations},
  author={Scholtes, S.},
  isbn={9781461443407},
  series={SpringerBriefs in optimization},
  url={http://books.google.de/books?id=EpAfMFZ3vtUC},
  year={2012},
  publisher={Springer}
}

@article{brugnano2008iterative,
  title={Iterative solution of piecewise linear systems},
  author={Brugnano, Luigi and Casulli, Vincenzo},
  journal={SIAM Journal on Scientific Computing},
  volume={30},
  number={1},
  pages={463--472},
  year={2008},
  publisher={SIAM}
}

@incollection{arnold2010towards,
  title={Towards Improved Error Estimates for Higher Order Time Integration of ODEs with Non-Smooth Right Hand Side},
  author={Arnold, Martin},
  booktitle={Non-smooth Problems in Vehicle Systems Dynamics},
  pages={227--237},
  year={2010},
  publisher={Springer}
}

@book{hairerODE1,
  title={Solving ordinary differential equations},
  author={Hairer, Ernst and Noersett, SP and Wanner, Gerhard},
  year={2006},
  publisher={Springer-Vlg}
}

@book{plan,
  title={Solving piecewise linear equations in abs-normal form},
  author={Griewank, Andreas and Bernt, Jens-Uwe and Radons, Manuel and Streubel, Tom},
  year={2013},
  howpublished={Preprint submitted to Linear Algebra and its Applications}
}

@article{qinonsmooth,
  title={A nonsmooth version of Newton's method},
  author={Qi, Liqun and Sun, Jie},
  journal={Mathematical programming},
  volume={58},
  number={1-3},
  pages={353--367},
  year={1993},
  publisher={Springer}
}

@book{teschl2012ordinary,
  title={Ordinary differential equations and dynamical systems},
  author={Teschl, Gerald},
  volume={140},
  year={2012},
  publisher={AMS Bookstore}
}

@article{rungeODE,
  title={{\"U}ber die numerische Aufl{\"o}sung von Differentialgleichungen},
  author={Runge, Carl},
  journal={Mathematische Annalen},
  volume={46},
  number={2},
  pages={167--178},
  year={1895},
  publisher={Springer}
}

@article{kuttaODE,
  title={Beitrag zur n{\"a}herungweisen Integration totaler Differentialgleichungen},
  author={Kutta, Wilhelm},
  year={1901}
}

@book{press2002numerical,
  title={Numerical Recipes in C++. The Art of Computer Programming},
  author={Press, H and Teukolsky, A and Vetterling, T and Flannery, P},
  year={2002},
  publisher={Cambridge University Press}
}

@article{gettingstarted,
  title={Getting started with ADOL-C},
  author={Walther, Andrea and Griewank, Andreas},
  journal={Combinatorial Scientific Computing},
  volume={12},
  pages={181-202},
  year={2012},
  publisher={CRC Press}
}

@article{ADOLCmanual,
  title={ADOL-C: a package for the automatic differentiation of algorithms written in C/C++},
  author={Walther, Andrea and Kowarz, Andreas and Griewank, Andreas},
  journal={ACM TOMS},
  volume={22},
  number={2},
  pages={131--167},
  year={1996}
}

@article{chua,
  title={Birth and death of the double scroll},
  author={Matsumoto, T and Chua, LO and Komuro, M},
  journal={Physica D: Nonlinear Phenomena},
  volume={24},
  number={1},
  pages={97--124},
  year={1987},
  publisher={Elsevier}
}

@book{walterODE,
  title={Gewöhnliche Differentialgleichungen},
  author={Walter, Wolfgang},
  year={2000},
  publisher={Springer DE}
}


@book{ArnoldODE,
author = {Arnold, Vladimir I.},
title = {Ordinary differential equations.},
year = {1992},
publisher = {Springer},
}

@techreport{armadillo,
  title={Armadillo: An open source C++ linear algebra library for fast prototyping and computationally intensive experiments},
  author={Sanderson, Conrad and others},
  year={2010},
  institution={Technical report, NICTA}
}

@misc{hasenfelder,
  title={Numerische Validierung verallgemeinerter Mittelpunkts- und Trapezregeln zur Integration von Lipschitz-stetigen DGLs},
  author={Richard Hasenfelder},
  howpublished={Bachelorarbeit, Humboldt-Universität zu Berlin, Institut für Mathematik},
  year={2013},
}

@incollection{kunze2001non,
  title={Non-smooth dynamical systems: an overview},
  author={Kunze, Markus and K{\"u}pper, Tassilo},
  booktitle={Ergodic Theory, Analysis, and Efficient Simulation of Dynamical Systems},
  pages={431--452},
  year={2001},
  publisher={Springer}
}